@article{suresshrini,
    author      = {Sureshchandra, Kalpana and Shrinivasavadhani, Jagadish},
    title       = {Adopting Agile in Distributed Development},
    journaltitle = {Global Software Engineering, 2008. ICGSE 2008. IEEE International Conference on},
    date        = 2008,
    pages       = {217--221},
}

@article{lyon:scaling,
    author      = {Lyon, Richard and Evans, Marcus},
    title       = {Scaling Up - pushing Scrum out of its Comfort Zone},
    journaltitle = {Agile, 2008. AGILE '08. Conference},
    date        = 2008,
    pages       = {395--400},
}

@article{maranzato:megaframework,
    author      = {Maranzato, Rafael P. and Neubert, Marden and Herculano, Paula},
    title       = {Scaling Scrum Step by Step: "The Mega Framework"},
    journaltitle = {Agile Conference (AGILE), 2012},
    date        = 2012,
    pages       = {79--85},
}

@article{nhn:agileadoption,
    author      = {Kim, Eunha and Ryoo, Seokmoon},
    title       = {Agile Adoption Story from NHN},
    journaltitle = {Computer Software and Applications Conference (COMPSAC), 2012 IEEE 36th Annual},
    date        = 2012,
    pages       = {476--481},
}

@article{sutling:taxonomy,
    author      = {Sutling, Kamalrufadillah and Mansor, Zulkefli and Widyarto, Setyawan and Letchmunan, Sukumar and Arshad, Noor Bahibah},
    title       = {Agile Project Manager Behavior : The Taxonomy},
    journaltitle = {Software Engineering Conference (MySEC), 2014 8th Malaysian},
    date        = 2014,
    pages       = {234--239},
}

@article{fernandez:agilevstraditional,
    author      = {Fernandez, Daniel J. and Fernandez, John D.},
    title       = {Agile Project Management - Agilism Versus Traditional Approaches},
    journaltitle = {The Journal of Computer Information Systems},
    volume      = 2,
    date        = 2009,
    pages       = {10--17},
}

@article{yi:managerasscrummaster,
    author      = {Yi, Lv},
    title       = {Manager as Scrum master},
    journaltitle = {Agile Conference (AGILE), 2011},
    date        = 2011,
    pages       = {151--153},    
}

@article{xu:internetofthingsasurvey,
    author      = {Xu, Li Da and He, Wu and Li, Shancang},
    title       = {Internet of Things in Industries: A Survey},
    journaltitle = {IEEE Transactions on Industrial Informatics},
    date        = 2014,
    pages       = {2233--2243},    
}

@book{schwaber:scrum,
    author      = {Schwaber, Ken},
    title       = {Agile Project Management With Scrum},
    date        = 2004,
    publisher   = {Microsoft Press},
    location    = {Redmond, Washington},
}

@book{beck:extreme,
    author      = {Beck, Kent and Andres, Cynthia},
    title       = {Extreme Programming Explained: Embrace Change},
    edition     = 2,
    date        = 2005,
    series      = {The XP Series},
    publisher   = {Addison-Wesley},
    location    = {Boston},
}

@book{cohn:agile,
    author      = {Cohn, Mike},
    title       = {Agile Estimating and Planning},
    date        = 2006,
    series      = {Robert C. Martin Series},
    publisher   = {Pearson Education, Inc.},
    location    = {Westford, Massachusetts},
}

@book{warstory,
    author      = {Kniberg, Henrik},
    title       = {Scrum and XP from the Trenches: How we do Scrum},
    date        = 2007,
    series      = {InfoQ Enterprise Software Development},
    publisher   = {C4Media},
    location    = {The United States of America},
}

@book{scrumprimer,
    author      = {Deemer, Pete and Benefield, Gabrielle and Larman, Craig and Vodde, Bas},
    title       = {The Scrum Primer: A Lightweight Guide To The Theory and Practice of Scrum},
    date        = 2012,
    publisher   = {InfoQ},
    location    = {http://scrumprimer.org},
}

@online{agilemanifesto,
    author      = {Beck, Kent and Beedle, Mike and van Bennekum, Arie and Cockburn, Alistair and Cunningham, Ward and Fowler, Martin and Grenning, James and Highsmith, Jim and Hunt, Andrew and Jeffries, Ron and Kern, Jon and Marick, Brian and Martin, Robert C. and Mellor, Steve and Schwaber, Ken and Sutherland, Jeff and Thomas, Dave},
    title       = {Manifesto for Agile Software Development},
    year        = 2001,
    url         = {http://www.agilemanifesto.org},
    urldate     = {2015-03-02},
}

@online{hbr:incompleteleader,
    author      = {Ancona, Deborah and Malone, Thomas W. and Orlikowski, Wanda J. and Senge, Peter M.},
    title       = {In Praise of the Incomplete Leader},
    year        = 2007,
    month       = 2,
    url         = {https://hbr.org/2007/02/in-praise-of-the-incomplete-leader},
    urldate     = {2015-03-05},
}

@online{pmbok,
    author      = {Project Management Institute, PMI},
    titel       = {Store > Agile},
    year        = {2015},
    url         = {http://marketplace.pmi.org/Pages/default.aspx?Category=Agile},
    urldate     = {2015-03-05},
}
